@ARTICLE{2020NatAs...4..823B,
       author = {{Burtscher}, Leonard and {Barret}, Didier and {Borkar}, Abhijeet P. and {Grinberg}, Victoria and {Jahnke}, Knud and {Kendrew}, Sarah and {Maffey}, Gina and {McCaughrean}, Mark J.},
        title = "{The carbon footprint of large astronomy meetings}",
      journal = {Nature Astronomy},
     keywords = {Astrophysics - Instrumentation and Methods for Astrophysics, Physics - Physics and Society},
         year = 2020,
        month = sep,
       volume = {4},
        pages = {823-825},
          doi = {10.1038/s41550-020-1207-z},
archivePrefix = {arXiv},
       eprint = {2009.11344},
 primaryClass = {astro-ph.IM},
       adsurl = {https://ui.adsabs.harvard.edu/abs/2020NatAs...4..823B},
      adsnote = {Provided by the SAO/NASA Astrophysics Data System}
}
